@book{koza92,
		author    = "Koza, John R.",
		title     = "Genetic Programming: On the Programming of Computers by Means of Natural Selection",
		publisher = "MIT Press",
		year      = "1992"
}


@misc{ wiki:latex,
       author = "Wikipedia",
       title = "LaTeX --- Wikipedia{,} La enciclopedia libre",
       year = "2015",
       url = "https://es.wikipedia.org/w/index.php?title=LaTeX&oldid=84209252",
       note = "[Internet; descargado 30-septiembre-2015]"
}


@article{bortolot2005,
  title={Estimating forest biomass using small footprint LiDAR data: An individual tree-based approach that incorporates training data},
  author={Bortolot, Zachary J and Wynne, Randolph H},
  journal={ISPRS Journal of Photogrammetry and Remote Sensing},
  volume={59},
  number={6},
  pages={342--360},
  year={2005},
  publisher={Elsevier}
}

@mastersthesis{simonetti2013vuforia,
  title={Vuforia v1. 5 SDK: Analysis and evaluation of capabilities},
  author={Simonetti Iba{\~n}ez, Alexandro and Paredes Figueras, Josep},
  year={2013},
  school={Universitat Polit{\`e}cnica de Catalunya}
}

@misc{AR_company, title={Realidad Aumentada}, url={https://ardev.es/realidad-aumentada/}, journal={Augmented and Virtual Reality Company}
}

@misc{barker_2019, title={Merge Cube pone los hologramas en tu mano}, url={https://www.redbull.com/mx-es/merge-cube-hologramas-de-realidad-aumentada}, journal={Red Bull}, publisher={Red Bull}, author={Barker, Phil}, year={2019}, month={Dec}
}

@misc{vuforia_supported_versions, url={https://library.vuforia.com/articles/Solution/Vuforia-Supported-Versions}, journal={Vuforia Engine Supported Versions}

}

@misc{vuforia_scanner, url={https://library.vuforia.com/content/vuforia-library/en/articles/Training/Vuforia-Object-Scanner-Users-Guide.html}, journal={Vuforia Object Scanner}
}

@misc{google, title={ARCore overview  |  Google Developers}, url={https://developers.google.com/ar/discover}, journal={Google}, publisher={Google}
}

@misc{apple_inc, title={ARKit 3 - Augmented Reality}, url={https://developer.apple.com/augmented-reality/arkit/}, journal={Apple Developer}, author={Apple Inc}
}

@book{linowes_babilinski_2017, place={Birmingham}, title={Augmented reality for developers build practical augmented reality applications with Unity, ARCore, ARKit, and Vuforia}, publisher={Packt}, author={Linowes, Jonathan and Babilinski, Krystian}, year={2017}
}

@misc{ kudan_developer_hub, title={Kudan AR SDK}, url={https://www.xlsoft.com/doc/kudan/}, journal={The Kudan Developer Hub}}

@misc{8thwall_products, url={https://www.8thwall.com/products}, journal={8th Wall - Products}}

@misc{wikitude, title={Wikitude}, url={https://www.wikitude.com/products/wikitude-sdk/}, journal={Wikitude}}

@misc{ZapStudio, title={Introduction}, url={https://docs.zap.works/studio/getting-started/introduction/}, journal={Studio}}

@article{taketomi2017visual,
  title={Visual SLAM algorithms: a survey from 2010 to 2016},
  author={Taketomi, Takafumi and Uchiyama, Hideaki and Ikeda, Sei},
  journal={IPSJ Transactions on Computer Vision and Applications},
  volume={9},
  number={1},
  pages={16},
  year={2017},
  publisher={Springer}
}

@misc{fletcher_2010, title={10 Tech Trends for 2010}, url={http://content.time.com/time/specials/packages/completelist/0,29569,1973759,00.html}, journal={Time}, publisher={Time Inc.}, author={Fletcher, Dan}, year={2010}, month={Mar}}

@misc{fotoAR1, title={AR Plus}, url={https://pokemongo.fandom.com/wiki/AR_Plus}, journal={Pokémon GO Wiki}}

@misc{fotoAR2, title={Así funciona Live View, las indicaciones con realidad aumentada de Google Maps}, url={https://www.lanacion.com.ar/tecnologia/asi-funciona-live-view-indicaciones-realidad-aumentada-nid2286111}, journal={LA NACION}, publisher={LA NACION}, author={Tomoyose, Guillermo}, year={2019}, month={Sep}}

@misc{fotoAR3, title={Realidad Aumentada y educación, la gran revolución en el aula}, url={https://www.isostopy.com/realidad-aumentada-educacion/}, journal={Isostopy}, author={software@isostopy.com, Isostopy and Isostopy and Software@isostopy.com}, year={2018}, month={Sep}}

@misc{fotoAR4, title={Vuforia Studio}, url={https://www.designtechproducts-ptc-ar.com/vuforia-studio}, journal={Vuforia Studio is Authoring Tool for Augmented Reality Experiences.}}

@misc{marta_app, title={KUdan AR Case study}, url={https://www.xlsoft.com/en/products/kudan/showcase/marta.html}, journal={エクセルソフト Arction}}

 @misc{ARhistory, title={Augmented Reality: A Comprehensive History (Part 1)}, url={https://blog.vertebrae.com/history-augmented-reality-1}, journal={Vertebrae Blog}, author={Motte, Stefanie}}
 
  @misc{EspadaDamocles, title={El primer simulador VR de la historia tenía forma de recreativa, y se inventó a finales de los 50}, url={https://www.xataka.com/historia-tecnologica/el-primer-simulador-vr-de-la-historia-tenia-forma-de-recreativa-y-se-invento-a-finales-de-los-50}, journal={Xataka}, publisher={Xataka}, author={FM, Yúbal}, year={2018}, month={Apr}}
  
  @article{ARevolution,
  	title={AR evolution towards smart contact lens: A hit or a miss?},
  	author={Peethambar, Manu}
  }