@book{koza92,
		author    = "Koza, John R.",
		title     = "Genetic Programming: On the Programming of Computers by Means of Natural Selection",
		publisher = "MIT Press",
		year      = "1992"
}


@misc{ wiki:latex,
       author = "Wikipedia",
       title = "LaTeX --- Wikipedia{,} La enciclopedia libre",
       year = "2015",
       url = "https://es.wikipedia.org/w/index.php?title=LaTeX&oldid=84209252",
       note = "[Internet; descargado 30-septiembre-2015]"
}


@article{bortolot2005,
  title={Estimating forest biomass using small footprint LiDAR data: An individual tree-based approach that incorporates training data},
  author={Bortolot, Zachary J and Wynne, Randolph H},
  journal={ISPRS Journal of Photogrammetry and Remote Sensing},
  volume={59},
  number={6},
  pages={342--360},
  year={2005},
  publisher={Elsevier}
}

@mastersthesis{simonetti2013vuforia,
  title={Vuforia v1. 5 SDK: Analysis and evaluation of capabilities},
  author={Simonetti Iba{\~n}ez, Alexandro and Paredes Figueras, Josep},
  year={2013},
  school={Universitat Polit{\`e}cnica de Catalunya}
}

@misc{AR_company, title={Realidad Aumentada}, url={https://ardev.es/realidad-aumentada/}, journal={Augmented and Virtual Reality Company}
}

@misc{barker_2019, title={Merge Cube pone los hologramas en tu mano}, url={https://www.redbull.com/mx-es/merge-cube-hologramas-de-realidad-aumentada}, journal={Red Bull}, publisher={Red Bull}, author={Barker, Phil}, year={2019}, month={Dec}
}

@misc{vuforia_supported_versions, url={https://library.vuforia.com/articles/Solution/Vuforia-Supported-Versions}, journal={Vuforia Engine Supported Versions}

}

@misc{google, title={ARCore overview  |  Google Developers}, url={https://developers.google.com/ar/discover}, journal={Google}, publisher={Google}
}